@inproceedings{zhao2023automatic,
  title     = {Automatic Timing-Driven Top-Level Hardware Design for Digital Signal Processing},
  author    = {Zhao, Wuqiong and Li, Changhan and Ji, Zhenhao and You, You and You, Xiaohu and Zhang, Chuan},
  booktitle = {Proc. {IEEE} Int. Conf. {ASIC} ({ASICON})},
  year      = {2023},
  month     = oct,
  address   = {Nanjing, China},
  pages     = {1--4}
}

@article{zhao2024flexible,
  title     = {Flexible High-Level Synthesis Library for Linear Transformations},
  author    = {Zhao, Wuqiong and others},
  journal   = IEEE_J_CASII_EB,
  volume    = {71},
  number    = {7},
  pages     = {3348--3352},
  year      = {2024},
  month     = jul,
  publisher = {IEEE}
}
